<ENVELOPE>
    <HEADER>
        <TALLYREQUEST>Import Data</TALLYREQUEST>
    </HEADER>
    <BODY>
            <IMPORTDATA>
                <REQUESTDESC>
                <REPORTNAME>Vouchers</REPORTNAME>
                <STATICVARIABLES>
                    <SVCURRENTCOMPANY>Dawood Fiber Mills</SVCURRENTCOMPANY>
                </STATICVARIABLES>
            </REQUESTDESC>
            <REQUESTDATA>
                <TALLYMESSAGE xmlns:UDF="TallyUDF">
                    <VOUCHER VCHTYPE="Receipt" ACTION="Create" OBJVIEW="Accounting Voucher View">
                        <DATE>20201015</DATE>
                        <NARRATION>check received from Ashhar API.</NARRATION>
                        <VOUCHERTYPENAME>Receipt</VOUCHERTYPENAME>
                        <VOUCHERNUMBER>1</VOUCHERNUMBER>
                        <PARTYLEDGERNAME>Test Holder 1</PARTYLEDGERNAME>
                        <PERSISTEDVIEW>Accounting Voucher View</PERSISTEDVIEW>
                        <EFFECTIVEDATE>20201015</EFFECTIVEDATE>
                        <ALLLEDGERENTRIES.LIST>
                        <LEDGERNAME>Test Holder 1</LEDGERNAME>
                        <ISDEEMEDPOSITIVE>No</ISDEEMEDPOSITIVE>
                        <AMOUNT>6.00</AMOUNT>
                        <BILLALLOCATIONS.LIST>
                            <NAME>S-333-2019</NAME>
                            <BILLTYPE>Agst Ref</BILLTYPE>
                            <AMOUNT>6.00</AMOUNT>
                            </BILLALLOCATIONS.LIST>
                        </ALLLEDGERENTRIES.LIST>
                        <ALLLEDGERENTRIES.LIST>
                        <OLDAUDITENTRYIDS.LIST TYPE="Number">
                            <OLDAUDITENTRYIDS>-1</OLDAUDITENTRYIDS>
                            </OLDAUDITENTRYIDS.LIST>
                            <LEDGERNAME>BAHL</LEDGERNAME>
                            <GSTCLASS/>
                            <ISDEEMEDPOSITIVE>Yes</ISDEEMEDPOSITIVE>
                            <LEDGERFROMITEM>No</LEDGERFROMITEM>
                            <REMOVEZEROENTRIES>No</REMOVEZEROENTRIES>
                            <ISPARTYLEDGER>Yes</ISPARTYLEDGER>
                            <ISLASTDEEMEDPOSITIVE>Yes</ISLASTDEEMEDPOSITIVE>
                            <AMOUNT>-6.00</AMOUNT>
                            <BANKALLOCATIONS.LIST>
                            <DATE>20201015</DATE>
                            <INSTRUMENTDATE>20201015</INSTRUMENTDATE>
                            <NAME>71f2c7af-6bc2-4100-ac97-41ecd084895a</NAME>
                            <TRANSACTIONTYPE>Cheque/DD</TRANSACTIONTYPE>
                            <PAYMENTFAVOURING>Test Holder 1</PAYMENTFAVOURING>
                            <INSTRUMENTNUMBER>12356789test</INSTRUMENTNUMBER>
                            <UNIQUEREFERENCENUMBER>4D5e0zE3gTzn4N0a</UNIQUEREFERENCENUMBER>
                            <STATUS>No</STATUS>
                            <PAYMENTMODE>Transacted</PAYMENTMODE>
                            <BANKPARTYNAME>Test Holder 1</BANKPARTYNAME>
                            <ISCONNECTEDPAYMENT>No</ISCONNECTEDPAYMENT>
                            <ISSPLIT>No</ISSPLIT>
                            <ISCONTRACTUSED>No</ISCONTRACTUSED>
                            <CHEQUEPRINTED> 1</CHEQUEPRINTED>
                            <AMOUNT>-6.00</AMOUNT>
                            <CONTRACTDETAILS.LIST> </CONTRACTDETAILS.LIST>
                            </BANKALLOCATIONS.LIST>
                            <BILLALLOCATIONS.LIST> </BILLALLOCATIONS.LIST>
                            <INTERESTCOLLECTION.LIST> </INTERESTCOLLECTION.LIST>
                            <OLDAUDITENTRIES.LIST> </OLDAUDITENTRIES.LIST>
                            <ACCOUNTAUDITENTRIES.LIST> </ACCOUNTAUDITENTRIES.LIST>
                            <AUDITENTRIES.LIST> </AUDITENTRIES.LIST>
                            <TAXBILLALLOCATIONS.LIST> </TAXBILLALLOCATIONS.LIST>
                            <TAXOBJECTALLOCATIONS.LIST> </TAXOBJECTALLOCATIONS.LIST>
                            <TDSEXPENSEALLOCATIONS.LIST> </TDSEXPENSEALLOCATIONS.LIST>
                            <VATSTATUTORYDETAILS.LIST> </VATSTATUTORYDETAILS.LIST>
                            <COSTTRACKALLOCATIONS.LIST> </COSTTRACKALLOCATIONS.LIST>
                        </ALLLEDGERENTRIES.LIST>
                    </VOUCHER>
                </TALLYMESSAGE>
            </REQUESTDATA>
        </IMPORTDATA>
    </BODY>
</ENVELOPE>