<ENVELOPE>
<HEADER>
<TALLYREQUEST>Import Data</TALLYREQUEST>
</HEADER>
<BODY>
<IMPORTDATA>
<REQUESTDESC>
<REPORTNAME>Vouchers</REPORTNAME>
<STATICVARIABLES>
<SVCURRENTCOMPANY>Dawood Fiber Mills</SVCURRENTCOMPANY>
</STATICVARIABLES>
</REQUESTDESC>
<REQUESTDATA>
<TALLYMESSAGE xmlns:UDF="TallyUDF">
<VOUCHER VCHTYPE="Receipt" ACTION="Create" OBJVIEW="Accounting Voucher View">
<DATE>20201013</DATE>
<NARRATION>Cash received for testing from Ashhar </NARRATION>
<VOUCHERTYPENAME>Receipt</VOUCHERTYPENAME>
<VOUCHERNUMBER>1</VOUCHERNUMBER>
<PARTYLEDGERNAME>Test Holder 1</PARTYLEDGERNAME>
<PERSISTEDVIEW>Accounting Voucher View</PERSISTEDVIEW>
<EFFECTIVEDATE>20201013</EFFECTIVEDATE>
<ALLLEDGERENTRIES.LIST>
<LEDGERNAME>Test Holder 1</LEDGERNAME>
<ISDEEMEDPOSITIVE>No</ISDEEMEDPOSITIVE>
<AMOUNT>6.00</AMOUNT>
<BILLALLOCATIONS.LIST>
<NAME>S-333-2019</NAME>
<BILLTYPE>Agst Ref</BILLTYPE>
<AMOUNT>6.00</AMOUNT>
</BILLALLOCATIONS.LIST>
</ALLLEDGERENTRIES.LIST>
<ALLLEDGERENTRIES.LIST>
<LEDGERNAME>Cash Head Office</LEDGERNAME>
<ISDEEMEDPOSITIVE>Yes</ISDEEMEDPOSITIVE>
<AMOUNT>-6.00</AMOUNT>
</ALLLEDGERENTRIES.LIST>
</VOUCHER>
</TALLYMESSAGE>
</REQUESTDATA>
</IMPORTDATA>
</BODY>
</ENVELOPE>